<?xml version="1.0" encoding="UTF-8"?><collection xmlns="http://www.loc.gov/MARC21/slim"><record><leader>00337nam--2200133-i-4500</leader><controlfield tag="001">000027580</controlfield><controlfield tag="002">20161230</controlfield><controlfield tag="005">20161230201036</controlfield><controlfield tag="008">060222s1000------------r-----000-0-eng-d</controlfield><datafield ind1=" " ind2=" " tag="080"><subfield code="a">621.039.8</subfield></datafield><datafield ind1=" " ind2=" " tag="100"><subfield code="a">Kramish, Arnold</subfield></datafield><datafield ind1=" " ind2=" " tag="245"><subfield code="a">The peaceful atom in foreign policy</subfield></datafield><datafield ind1=" " ind2=" " tag="260"><subfield code="a">New York, Harper &amp; Row, 1963, Xi + 276p</subfield></datafield><datafield ind1=" " ind2=" " tag="852"><subfield code="a">33499</subfield></datafield></record></collection>